@article{papanicolas,
    author = {Papanicolas, Irene and Woskie, Liana R. and Jha, Ashish K.},
    title = "{Health Care Spending in the United States and Other High-Income Countries}",
    journal = {JAMA},
    volume = {319},
    number = {10},
    pages = {1024-1039},
    year = {2018},
    month = {03},
    issn = {0098-7484},
    doi = {10.1001/jama.2018.1150},
    url = {https://doi.org/10.1001/jama.2018.1150},
    eprint = {https://jamanetwork.com/journals/jama/articlepdf/2674671/jama\_papanicolas\_2018\_sc\_180001.pdf},
}

@article{einstein,
  author =       "Albert Einstein",
  title =        "{Zur Elektrodynamik bewegter K{\"o}rper}. ({German})
                 [{On} the electrodynamics of moving bodies]",
  journal =      "Annalen der Physik",
  volume =       "322",
  number =       "10",
  pages =        "891--921",
  year =         "1905",
  DOI =          "http://dx.doi.org/10.1002/andp.19053221004"
}

@article{statisticalbrief493,
    author = {Marie N. Stagnitti},
    title = {National Health Care Expenses Per Person in the U.S. Civilian Noninstitutionalized Population, 2014},
    journal = {Agency for Healthcare Research and Quality},
    year = {2016},
    month = {09},
    url = {https://www.meps.ahrq.gov/data_files/publications/st493/stat493.shtml},
    eprint = {https://www.meps.ahrq.gov/data_files/publications/st493/stat493.shtml},

}